<?xml version="1.0" encoding="UTF-8"?><collection xmlns="http://www.loc.gov/MARC21/slim"><record><leader>00333nam--2200121-i-4500</leader><controlfield tag="001">000006156</controlfield><controlfield tag="002">20161230</controlfield><controlfield tag="005">20161230201026</controlfield><controlfield tag="008">060222s1000------------r-----000-0-eng-d</controlfield><datafield ind1=" " ind2=" " tag="100"><subfield code="a">Dal Nagore, S., Juvet, R.S</subfield></datafield><datafield ind1=" " ind2=" " tag="245"><subfield code="a">Gas-liquid chromatography. theory and practice</subfield></datafield><datafield ind1=" " ind2=" " tag="260"><subfield code="a">New-york, Interscience Publ., 1962</subfield></datafield><datafield ind1=" " ind2=" " tag="490"><subfield code="a">Xviii+450p</subfield></datafield></record></collection>